@book{gosling05,
 author = {Gosling, James and Joy, Bill and Steele, Guy and Bracha, Gilad},
 title = {Java(TM) Language Specification, The (3rd Edition) (Java (Addison-Wesley))},
 year = {2005},
 isbn = {0321246780},
 publisher = {Addison-Wesley Professional},
}
@book{lindhold12,
  added-at = {2012-04-18T17:42:48.000+0200},
  author = {Lindholm, Tim and Yellin, Frank and Bracha, Gilad and Buckley, Alex},
  biburl = {http://www.bibsonomy.org/bibtex/268e0b1415711853414bc28ed003a19de/gron},
  day = 6,
  edition = {Java SE 7 Edition},
  interhash = {b8fb1ee1c7cd2cede1d80d3d14855f55},
  intrahash = {68e0b1415711853414bc28ed003a19de},
  keywords = {JVM Java Specification},
  month = {February},
  publisher = {Oracle America, Inc.},
  timestamp = {2012-04-18T17:42:48.000+0200},
  title = {The Javaâ„¢ Virtual Machine Specification},
  url = {http://docs.oracle.com/javase/specs/},
  year = 2012
}
